@PhDThesis{Peters2012phd,
	author = {J. Peters},
	title = {Restricted Structural Equation Models for Causal Inference},
	School = {ETH Zurich and MPI for Intelligent Systems},
	year = {2012},
	note = {\url{http://dx.doi.org/10.3929/ethz-a-007597940}}
}

@misc{shay_2019, 
	title={Infering causality in time series data}, 
	url={https://towardsdatascience.com/inferring-causality-in-time-series-data-b8b75fe52c46},
	journal={Medium},
	author={S. Palachy},
	year={2019},
	month={Nov}
}
@article{lingam,
	author  = {Shohei Shimizu and Patrik O. Hoyer and Aapo Hyvärinen and Antti Kerminen},
	title   = {A Linear Non-Gaussian Acyclic Model for Causal Discovery},
	journal = {Journal of Machine Learning Research},
	year    = {2006},
	volume  = {7},
	number  = {72},
	pages   = {2003-2030},
	url     = {http://jmlr.org/papers/v7/shimizu06a.html}
}
@inproceedings{tslingam,
	author = {Hyvärinen, Aapo and Shimizu, Shohei and Hoyer, Patrik},
	year = {2008},
	month = {01},
	pages = {424-431},
	title = {Causal modelling combining instantaneous and lagged effects: an identifiable model based on non-Gaussianity},
	doi = {10.1145/1390156.1390210}
}
@article{tsling2,
	author  = {Aapo Hyv{{\"a}}rinen and Kun Zhang and Shohei Shimizu and Patrik O. Hoyer},
	title   = {Estimation of a Structural Vector Autoregression Model Using Non-Gaussianity},
	journal = {Journal of Machine Learning Research},
	year    = {2010},
	volume  = {11},
	number  = {56},
	pages   = {1709-1731},
	url     = {http://jmlr.org/papers/v11/hyvarinen10a.html}
}
@book{pearl2009causality,
	title={Causality},
	author={Pearl, J.},
	isbn={9780521895606},
	lccn={99042108},
	series={Causality: Models, Reasoning, and Inference},
	year={2009},
	publisher={Cambridge University Press}
}
