@book{degroot2012probability,
	title={Probability and Statistics, 4th ed.},
	author={DeGroot, M.H. and Schervish, M.J.},
	isbn={9780321500465},
	lccn={2010001486},
	year={2012},
	publisher={Addison-Wesley}
}
@inbook{o1994kendall,
	title={Kendall's Advanced Theory of Statistics: Bayesian Inference. Volume 2B},
	author={O'Hagan, A. and Kendall, M.G.},
	number={v. 2,pt. 2},
	isbn={9780340529225},
	year={1994},
	pages={244-250},
	publisher={Edward Arnold}
}

@misc{pymc3_glm,
	title = {GLM: Linear regression, Bayesian GLMs in PyMC3},
	author = {Thomas Wiecki},
	year = {2018},
	howpublished = {\url{https://docs.pymc.io/notebooks/GLM-linear.html}},
	note = {PyMC Development Team.}
}
@article{arviz_2019,
	doi = {10.21105/joss.01143},
	url = {https://doi.org/10.21105/joss.01143},
	year = {2019},
	publisher = {The Open Journal},
	volume = {4},
	number = {33},
	pages = {1143},
	author = {Ravin Kumar and Colin Carroll and Ari Hartikainen and Osvaldo Martin},
	title = {ArviZ a unified library for exploratory analysis of Bayesian models in Python},
	journal = {Journal of Open Source Software}
}
